<?xml version="1.0" encoding="UTF-8"?><collection xmlns="http://www.loc.gov/MARC21/slim"><record><leader>00483nam--2200145-i-4500</leader><controlfield tag="001">000016751</controlfield><controlfield tag="002">20161230</controlfield><controlfield tag="005">20161230201031</controlfield><controlfield tag="008">060222s1000------------r-----000-0-eng-d</controlfield><datafield ind1=" " ind2=" " tag="080"><subfield code="a">538.911:539.3</subfield></datafield><datafield ind1=" " ind2=" " tag="100"><subfield code="a">Askar, Attila</subfield></datafield><datafield ind1=" " ind2=" " tag="245"><subfield code="a">Lattice dynamical foundations of continuum theories. elasticity, piezoelectricity, vis- coelasticity, plasticity</subfield></datafield><datafield ind1=" " ind2=" " tag="260"><subfield code="a">Singapore, World Scientific, 1985 Xiii + 192 P</subfield></datafield><datafield ind1=" " ind2=" " tag="490"><subfield code="a">Series In Theoretical And Applied Mechanics</subfield></datafield><datafield ind1=" " ind2=" " tag="852"><subfield code="a">74731</subfield></datafield></record></collection>